@article{rec1,
	title={推薦システムのアルゴリズム (1)},
	author={神嶌敏弘},
	journal={人工知能学会誌},
	volume={22},
	number={6},
	pages={826--837},
	year={2007}
}

@article{rec2,
	title={推薦システムのアルゴリズム (2)},
	author={神嶌敏弘},
	journal={人工知能学会誌},
	volume={23},
	number={1},
	pages={89--103},
	year={2008}
}

@article{rec3,
	title={推薦システムのアルゴリズム (3)},
	author={神嶌敏弘},
	journal={人工知能学会誌},
	volume={23},
	number={2},
	pages={248--263},
	year={2008}
}
@article{social,
	title={Social collaborative filtering by trust},
	author={Yang, Bo and others},
	journal={IEEE transactions on pattern analysis and machine intelligence},
	volume={39},
	number={8},
	pages={1633--1647},
	year={2016},
	publisher={IEEE}
}

@inproceedings{tag,
	author    = {Ziyu Guan and others},
	title     = {Document recommendation in social tagging services},
	booktitle = {{WWW}},
	pages     = {391--400},
	publisher = {{ACM}},
	year      = {2010}
}



@article{HIN,
	title={A survey of heterogeneous information network analysis},
	author={Shi, Chuan and others},
	journal={IEEE Transactions on Knowledge and Data Engineering},
	volume={29},
	number={1},
	pages={17--37},
	year={2016},
	publisher={IEEE}
}

@inproceedings{Hete,
	title={Hete-cf: Social-based collaborative filtering recommendation using heterogeneous relations},
	author={Luo, Chen and others},
	booktitle={2014 IEEE International Conference on Data Mining},
	pages={917--922},
	year={2014},
	organization={IEEE}
}

@inproceedings{hyper,
	title={Learning with hypergraphs: Clustering, classification, and embedding},
	author={Zhou, Dengyong and Huang, Jiayuan and Sch{\"o}lkopf, Bernhard},
	booktitle={Advances in neural information processing systems},
	pages={1601--1608},
	year={2007}
}

@article{MRH,
	title={Using rich social media information for music recommendation via hypergraph model},
	author={Tan, Shulong and others},
	journal={ACM Transactions on Multimedia Computing, Communications, and Applications },
	volume={7},
	number={1},
	pages={22},
	year={2011},
	publisher={ACM}
}

@inproceedings{rwr,
	title={On social networks and collaborative recommendation},
	author={Konstas, Ioannis and Stathopoulos, Vassilios and Jose, Joemon M},
	booktitle={Proceedings of the 32nd international ACM SIGIR conference on Research and development in information retrieval},
	pages={195--202},
	year={2009},
	organization={ACM}
}